@book{gockel,
  author =      "Tilo Gockel",
  title =       {Form der wissenschaftlichen Ausarbeitung},
  publisher =   "Springer",
  address =     "Berlin, Heidelberg",
  year =        "2008",
  ISBN =        "978-3-540-78613-9",
}

@book{rechenberg,
  author =      "Peter Rechenberg", 
  title =       {Technisches Schreiben: (Nicht nur) f체r Informatiker},
  publisher =   "Hanser",
  address =     {M\"{u}nchen, Wien},
  year =        "2006",
  ISBN =        "978-3-446-40695-7"
}

@book{kopka,
  author =       "Helmut Kopka",
  title =        {LaTeX: Eine Einf\"uhrung},
  edition =      "4",
  publisher =    "Addison-Wesley",
  address =      "Bonn",
  year =         "1992",
  ISBN =         "3-89319-434-7",
}

@book{knuth,
  author =       "Donald E. Knuth",
  title =        "The TeX Book",
  publisher =    "Addison-Wesley",
  year =         "1984",
  note =         "Reprinted as Vol. A of {\it Computers \& Typesetting\/}, 
                  1986"
}

@book{lamport,
  author =      "Leslie Lamport",
  title =       "LaTeX A Document Preparation System, 
                 User's Guide and Reference Manual",
  publisher =    "Addison-Wesley",
  year =        "1985",
  ISBN =        "0-201-15790-X",
}

@book{kenner1994chuck,
  title={Chuck Jones: A Flurry of Drawings},
  author={Kenner, H. and Jones, C.},
  isbn={9780520087972},
  lccn={lc93048418},
  series={Portraits of American genius},
  url={https://books.google.de/books?id=bZIv8NKfNKwC},
  year={1994},
  publisher={University of California Press}
}

@misc{bibtexing,
  author = "Patashnik, Oren",
  title = "{BIBTEXing}",
  year = "1988" 
}


%%%% Das w채ren eigentlich die Online-Quellen


@misc{wikipedia,
  author = "Wikipedia",
  title = "Wikipedia",
  howpublished = "\url{https://www.wikipedia.org/}",
  note = "[letzter Zugriff: 22. Okt. 2019]"
}

@misc{wikiciting,
  author = "Wikipedia",
  title = "Citing Wikipedia, the free encyclopedia.",
  howpublished = "\url{https://en.wikipedia.org/wiki/Wikipedia:Citing\_sources}",
  note = "[letzter Zugriff: 22. Okt. 2019]"
}

@misc{acme,
  author = "Wikipedia",
  title = "{ACME}",
  howpublished = "\url{https://de.wikipedia.org/wiki/ACME}",
  note = "[letzter Zugriff: 9. Aug. 2018]"
}

@misc{acmecatalog,
  author = "GPMarkham",
  title = "The ORIGINAL Illustrated Catalog Of ACME Products",
  howpublished = "\url{https://web.archive.org/web/20080212084642/http://home.nc.rr.com/tuco/looney/acme/acme.html}",
  note = "[letzter Zugriff: 9. Aug. 2018]"
}

@misc{psberichtleitfaden,
  title = "{L}eitfaden zur {B}erichterstellung",
  author = "{F}akult채t f체r {I}nformationstechnik",
  key = "PS",
  howpublished = "\url{https://moodle.hs-mannheim.de/mod/resource/view.php?id=100005}",
  note = "[letzter Zugriff: 26. Mai 2020]"
}

@misc{psmoodle,
  title = "{{P}raxissemester{T}hesis}",
  autor = "Barth",
  key = "PS",
  howpublished = "\url{https://moodle.hs-mannheim.de/course/view.php?id=2500}",
  note = "[letzter Zugriff: 26. Mai 2020]"
}
